<record><leader>00000cas a22000007a 4500</leader><controlfield tag="001">20496932</controlfield><controlfield tag="008">891016d18341842mduwr ne      0    0eng d</controlfield><datafield ind1=" " ind2=" " tag="010"><subfield code="a">sn 89060205 </subfield></datafield><datafield ind1=" " ind2=" " tag="040"><subfield code="a">MFN</subfield><subfield code="b">eng</subfield><subfield code="c">MFN</subfield><subfield code="d">OCLCQ</subfield></datafield><datafield ind1=" " ind2=" " tag="042"><subfield code="a">msc</subfield></datafield><datafield ind1="0" ind2="4" tag="245"><subfield code="a">The Cecil gazette, and farmers' and mechanics' advertiser.</subfield></datafield><datafield ind1="1" ind2="3" tag="246"><subfield code="a">Cecil gazette &amp; farmers' and mechanics' register</subfield></datafield><datafield ind1="3" ind2="0" tag="246"><subfield code="a">Farmers' and mechanics' advertiser</subfield></datafield><datafield ind1=" " ind2=" " tag="260"><subfield code="a">Elkton, Md. :</subfield><subfield code="b">Henry Bosee</subfield></datafield><datafield ind1=" " ind2=" " tag="300"><subfield code="a">v.</subfield></datafield><datafield ind1=" " ind2=" " tag="310"><subfield code="a">Weekly</subfield></datafield><datafield ind1="0" ind2=" " tag="362"><subfield code="a">Vol. 1, no. 1 (Aug. 23, 1834)-</subfield></datafield><datafield ind1="1" ind2=" " tag="362"><subfield code="a">Ceased in 1842.</subfield></datafield><datafield ind1=" " ind2=" " tag="752"><subfield code="a">United States</subfield><subfield code="b">Maryland</subfield><subfield code="c">Cecil</subfield><subfield code="d">Elkton.</subfield></datafield><datafield ind1="0" ind2="0" tag="780"><subfield code="t">Cecil Republican and farmers' and mechanics' advertiser</subfield><subfield code="w">(DLC)sn 83016347</subfield></datafield><datafield ind1="0" ind2="0" tag="785"><subfield code="t">Cecil Democrat (Elkton, Md. : 1842)</subfield><subfield code="w">(DLC)sn 83016346</subfield></datafield></record>